<?xml version="1.0" encoding="UTF-8"?><collection xmlns="http://www.loc.gov/MARC21/slim"><record><leader>00393nam--2200157-i-4500</leader><controlfield tag="001">000032939</controlfield><controlfield tag="002">20161230</controlfield><controlfield tag="005">20161230201039</controlfield><controlfield tag="008">060222s1000------------r-----000-0-eng-d</controlfield><datafield ind1=" " ind2=" " tag="040"><subfield code="a">IFIN-HH</subfield></datafield><datafield ind1=" " ind2=" " tag="080"><subfield code="a">519.6</subfield></datafield><datafield ind1=" " ind2=" " tag="100"><subfield code="a">Marinescu, Gheorghe</subfield></datafield><datafield ind1=" " ind2=" " tag="245"><subfield code="a">Analiza numerica</subfield></datafield><datafield ind1=" " ind2=" " tag="260"><subfield code="a">BUCURESTI, ED. ACADEMIEI R.S.R., 1974, 302 p</subfield></datafield><datafield ind1=" " ind2=" " tag="852"><subfield code="a">41420</subfield><subfield code="c">518.12</subfield></datafield><datafield ind1=" " ind2=" " tag="CAT"><subfield code="a">Sys</subfield><subfield code="c">20090702</subfield><subfield code="h">084035</subfield></datafield></record></collection>